<?xml version="1.0" encoding="UTF-8"?><record xmlns="http://www.loc.gov/MARC21/slim" xmlns:cinclude="http://apache.org/cocoon/include/1.0" xmlns:zs="http://www.loc.gov/zing/srw/">
  <leader>00727cz  a2200193n  4500</leader>
  <controlfield tag="001">n  97073082 </controlfield>
  <controlfield tag="003">DLC</controlfield>
  <controlfield tag="005">20160407093140.0</controlfield>
  <controlfield tag="008">970721n| azannaab           |a aaa      </controlfield>
  <datafield tag="010" ind1=" " ind2=" ">
    <subfield code="a">n  97073082 </subfield>
  </datafield>
  <datafield tag="040" ind1=" " ind2=" ">
    <subfield code="a">DLC</subfield>
    <subfield code="c">DLC</subfield>
    <subfield code="d">DLC</subfield>
  </datafield>
  <datafield tag="046" ind1=" " ind2=" ">
    <subfield code="f">1963-11-20</subfield>
    <subfield code="2">edtf</subfield>
  </datafield>
  <datafield tag="100" ind1="1" ind2=" ">
    <subfield code="a">Banner, Stuart,</subfield>
    <subfield code="d">1963-</subfield>
  </datafield>
  <datafield tag="372" ind1=" " ind2=" ">
    <subfield code="a">Law</subfield>
    <subfield code="2">lcsh</subfield>
  </datafield>
  <datafield tag="374" ind1=" " ind2=" ">
    <subfield code="a">Law teachers</subfield>
    <subfield code="2">lcsh</subfield>
  </datafield>
  <datafield tag="375" ind1=" " ind2=" ">
    <subfield code="a">male</subfield>
  </datafield>
  <datafield tag="400" ind1="1" ind2=" ">
    <subfield code="w">nne</subfield>
    <subfield code="a">Banner, Stuart Alan,</subfield>
    <subfield code="d">1963-</subfield>
  </datafield>
  <datafield tag="670" ind1=" " ind2=" ">
    <subfield code="a">Anglo-American securities regulation, 1998:</subfield>
    <subfield code="b">CIP t.p. (Stuart Alan Banner) data sheet (b. Nov. 20, 1963) book t.p. (Stuart Banner) jkt. (professor of law, Washington University, St. Louis, Mo.)</subfield>
  </datafield>
  <datafield tag="670" ind1=" " ind2=" ">
    <subfield code="a">Speculation, 2017:</subfield>
    <subfield code="b">ECIP data view (Banner, Stuart, Norman Abrams Professor of Law, UCLA)</subfield>
  </datafield>
</record>